@misc{C++,
    title = "{C++, GNU 12.3}",
    author = "{The Free Software Foundation}",
    howpublished = "\url{https://gcc.gnu.org/onlinedocs/gcc-12.3.0/gcc/}",
    year = {Accessed: October 2023},
}
@misc{Armadillo,
    title = "{Armadillo C++ Library"}",
    author = {Dr. Conrad Sanderson and Dr. Ryan Curtin},
    howpublished = "\url{https://arma.sourceforge.net/docs.html}",
    year = {Accessed: October 2023},
}

@book{ESL,
  author = {Trevor Hastie and Robert Tibshirani and Jerome Friedman},
  editor = {},
  publisher = {Springer New York, NY},
  title = {The Elements of Statistical Learning},
  year = {2009}
}
@misc{Python,
    title = {Python 3.11.4 documentation},
    author = "{Python Software Foundation}",
    howpublished = "\url{https://docs.python.org/3.11/}",
    year = {Accessed: October 2023},
}
@misc{Numpy,
    title = "{NumPy v1.22 Manual}",
    author = "{NumPy Developers}",
    howpublished = "\url{https://numpy.org/doc/stable/}",
    year = {Accessed: October 2023},
}
@misc{Matplotlib,
    title = "{Matplotlib: Visualization with Python}",
    author = "{Matplotlib Development Team}",
    howpublished = "\url{https://matplotlib.org/stable/index.html}",
    year = {Accessed: October 2023},
}
@misc{Scipy,
    title = "{SciPy v1.8.0 Reference Guide}",
    author = "{SciPy Community}",
    howpublished = "\url{https://docs.scipy.org/doc/scipy/reference/}",
    year = {Accessed: October 2023},
}

@article{scikit-learn,
  title={{Scikit-learn: Machine Learning in Python}},
  author={
    Pedregosa, F. and
    Varoquaux, G. and
    Gramfort, A. and
    Michel, V. and
    Thirion, B. and
    Grisel, O. and
    Blondel, M. and
    Prettenhofer, P. and
    Weiss, R. and
    Dubourg, V. and
    Vanderplas, J. and
    Passos, A. and
    Cournapeau, D. and
    Brucher, M. and
    Perrot, M. and
    Duchesnay, E.
  },
  journal={Journal of Machine Learning Research},
  volume={12},
  pages={2825--2830},
  year={2011}
}

@misc{VSCode,
    title = "{Visual Studio Code}",
    author = {Microsoft},
    howpublished = "\url{https://code.visualstudio.com/docs}",
    year = {Accessed: October 2023},
}
@misc{Copilot,
    title = "{GitHub Copilot}",
    author = {Microsoft},
    howpublished = "\url{https://copilot.github.com/}",
    year = {Accessed: October 2023},
}
@misc{Git,
    title = {Git},
    author = {Junio Hamano},
    howpublished = "\url{https://git-scm.com/doc}",
    year = {Accessed: October 2023},
}
@misc{GitHub,
    title = "{GitHub}",
    author = {Microsoft},
    howpublished = "\url{https://docs.github.com/en}",
    year = {Accessed: October 2023},
}
@misc{DoubleSlitPic,
    title = {Physics in a minute: The double slit experiment},
    author = "{Plus Magazine}",
    howpublished = "\url{https://plus.maths.org/content/physics-minute-double-slit-experiment-0}",
    year = {Accessed: November 2023},
}
@misc{TripleSketch,
    title = {Finding distance from the source in triple slit interference},
    author = "{Physics StackExchange}",
    howpublished = "\url{https://physics.stackexchange.com/questions/585664/finding-the-distance-from-source-in-triple-slit-interference}",
    year = {Accessed: December 2023},
}
@misc{PyInstaller,
    title = "{PyInstaller Manual}",
    author = {Hartmut Goebel, Giovanni Bajo, David Vierra, David Cortesi, Martin Zibricky},
    year = {Accessed: November 2023},
    url = {https://pyinstaller.org/en/stable/},
}
@misc{json,
    title = {nlohmann/json},
    author = {Niels Lohmann},
    howpublished = "\url{https://json.nlohmann.me/}",
    year = {Accessed: November 2023},
}
@misc{colormaps,
  title        = {Colormaps},
  author       = {Pratiman Patel},
  howpublished = "\url{https://pratiman-91.github.io/colormaps/}",
  year         = {Accessed: November 2023},
}
@misc{gasoline,
    title        = "{Gasoline2: A Modern SPH Code}",
    author       = {James W. Wadsley, Benjamin W. Keller, Thomas R. Quinn},
    howpublished = "\url{https://arxiv.org/abs/1707.03824}",
    year         = {Accessed: September 2024},
}
@misc{music,
    title        = "{MUSIC}",
    author       = {Oliver Hahn},
    howpublished = "\url{https://www-n.oca.eu/ohahn/MUSIC/}",
    year         = {Accessed: September 2024},
}
@misc{notes,
    title = "{Applied Data Analysis and Machine Learning}",
    author = {Morten Hjorth-Jensen},
    howpublished = "\url{https://compphysics.github.io/MachineLearning/doc/LectureNotes/_build/html/intro.html}",
    year = {2021},
}
